<?xml version="1.0" encoding="UTF-8"?><collection xmlns="http://www.loc.gov/MARC21/slim"><record><leader>00421nam--2200133-i-4500</leader><controlfield tag="001">000009324</controlfield><controlfield tag="002">20161230</controlfield><controlfield tag="005">20161230201028</controlfield><controlfield tag="008">060222s1000------------r-----000-0-eng-d</controlfield><datafield ind1=" " ind2=" " tag="100"><subfield code="a">Groot, S.R.De</subfield></datafield><datafield ind1=" " ind2=" " tag="245"><subfield code="a">The maxwell equations. non-relativistic and relativistic derivations from electron theory</subfield></datafield><datafield ind1=" " ind2=" " tag="260"><subfield code="a">Amsterdam, North-holland Publ.Co., 1969</subfield></datafield><datafield ind1=" " ind2=" " tag="490"><subfield code="a">Studies In Statistical Mechanics</subfield></datafield><datafield ind1=" " ind2=" " tag="852"><subfield code="a">536.76:539.124</subfield></datafield></record></collection>